<?xml version="1.0" encoding="UTF-8"?><collection xmlns="http://www.loc.gov/MARC21/slim"><record><leader>00387nam--2200145-i-4500</leader><controlfield tag="001">000035585</controlfield><controlfield tag="002">20161230</controlfield><controlfield tag="005">20170118232259</controlfield><controlfield tag="008">060222s1000------------r-----000-0-eng-d</controlfield><datafield ind1=" " ind2=" " tag="100"><subfield code="a">Murrell, J. N</subfield></datafield><datafield ind1=" " ind2=" " tag="245"><subfield code="a">The theory of the electronic spectra of organic molecules</subfield></datafield><datafield ind1=" " ind2=" " tag="260"><subfield code="a">London</subfield><subfield code="b">Methuen &amp; Co.Ltd</subfield><subfield code="c">1963</subfield></datafield><datafield ind1=" " ind2=" " tag="300"><subfield code="a">XI + 328 p</subfield></datafield><datafield ind1=" " ind2=" " tag="852"><subfield code="a">19758</subfield></datafield><datafield ind1=" " ind2=" " tag="CAT"><subfield code="a">SYS</subfield><subfield code="c">20170118</subfield><subfield code="h">232259</subfield></datafield></record></collection>